<?xml version="1.0" encoding="UTF-8"?><record xmlns="http://www.loc.gov/MARC21/slim" xmlns:cinclude="http://apache.org/cocoon/include/1.0" xmlns:zs="http://www.loc.gov/zing/srw/">
  <leader>00533cz  a2200157n  4500</leader>
  <controlfield tag="001">n 2005184106</controlfield>
  <controlfield tag="003">DLC</controlfield>
  <controlfield tag="005">20090810075207.0</controlfield>
  <controlfield tag="008">050928n| acannaabn          |n aaa      </controlfield>
  <datafield tag="010" ind1=" " ind2=" ">
    <subfield code="a">n 2005184106</subfield>
  </datafield>
  <datafield tag="035" ind1=" " ind2=" ">
    <subfield code="a">(DNLM)763273</subfield>
  </datafield>
  <datafield tag="035" ind1=" " ind2=" ">
    <subfield code="a">(OCoLC)oca06745650</subfield>
  </datafield>
  <datafield tag="040" ind1=" " ind2=" ">
    <subfield code="a">DNLM</subfield>
    <subfield code="b">eng</subfield>
    <subfield code="c">DNLM</subfield>
    <subfield code="d">OCoLC</subfield>
  </datafield>
  <datafield tag="100" ind1="1" ind2=" ">
    <subfield code="a">Minderer, Johann Martin,</subfield>
    <subfield code="d">1745-1812</subfield>
  </datafield>
  <datafield tag="670" ind1=" " ind2=" ">
    <subfield code="a">Abermal ein Beytrag zur Kenntniss und Heilung der Pest, 1790:</subfield>
    <subfield code="b">t.p. (Johann Martin Minderer)</subfield>
  </datafield>
  <datafield tag="670" ind1=" " ind2=" ">
    <subfield code="a">Saur's WBI 12, via WWW, Feb. 9, 2004</subfield>
    <subfield code="b">(Minderer, Johann Martin; 1745-1812)</subfield>
  </datafield>
</record>